@misc{Solarman:2016,
	author = {Shane Peelar},
	title = {{Solarman Natural Language Interface}},
	howpublished = {\url{http://speechweb2.cs.uwindsor.ca/solarman2/demo_sparql.html}},
	year = {2016}, 
	note = {[Online; accessed 04-July-2016]}
}